@PREAMBLE{
 "\providecommand{\noopsort}[1]{}" 
 # "\providecommand{\singleletter}[1]{#1}%" 
}



@BOOK{FexIST,
   author       = {António C. Ribeiro and Pedro Sebastião and Francisco Tomé},
   year         = 1998,
   title        = {Contribuição para o desenvolvimento da física experimental no IST},
   publisher    = {Departamento de Física, Instituto Superior Técnico}
}

@misc{dcmotor,
	author = {MathWorks},
	title = {SISO Example: The DC Motor},
	year = {2015},
	note = "[Online; accessed 16-May-2015]",
	howpublished = "\url{http://www.mathworks.com/help/control/getstart/linear-lti-models.html#f1-1010945}"
}
